% Bibliografía

% Este fichero contiene la bibliografía de la memoria
% Está en un formato que se conoce como BibTex.
% Hay muchos sitios web que exportan referencias en formato BibTeX. 
% Prueba a buscar en http://scholar.google.com por referencias
% y verás que lo puedes hacer de manera sencilla.
% Más información: 
% http://texblog.org/2014/04/22/using-google-scholar-to-download-bibtex-citations/

% Existen varias posibilidades para referenciar diferentes tipos de documentos,
% ya que los datos necesarios varían. Así, existen formatos de entrada para
%     * libros (book)
%     * artículos en revistas de investigación (article)
%     * capítulos de libro (incollection)
%     * informes técnicos (techreport)
%     * otros (misc)
%
% Las páginas web deberían ir como misc.

% Una última cosa: no referencias nunca la WikiPedia
% La WikiPedia, como buena enciclopedia, no es fuente primaria.
% Si acaso, busca por citas en la WikiPedia (que sí ha de referenciar fuentes
% primarias) y haz referencia a las mismas.

@AFrame{AFrame,
  author = {Supermedium and Mozilla},
  title = {A-Frame Documentation},
  publisher = {Supermedium},
  year = 2023,
  url = {https://aframe.io/docs/1.6.0/introduction/#what-is-a-frame}
}

@misc{HTML5,
  author = {{Wikipedia}},
  title = {HTML5},
  year = 2024,
  url = {https://es.wikipedia.org/wiki/HTML5},
  note = {}
}

@misc{ThreeJS,
  author = {{Wikipedia}},
  title = {Three.js},
  year = 2024,
  url = {https://en.wikipedia.org/wiki/Three.js},
  note = {}
}

@misc{JavaScriptMDN,
  author = {{MDN Web Docs}},
  title = {JavaScript},
  year = 2024,
  url = {https://developer.mozilla.org/es/docs/Web/JavaScript},
  note = {}
}
@misc{ECMAScript,
  author = {{Wikipedia}},
  title = {ECMAScript},
  year = 2024,
  url = {https://es.wikipedia.org/wiki/ECMAScript},
  note = {}
}
@misc{JavaScriptWikibooks,
  author = {{Wikilibros}},
  title = {Programación en JavaScript},
  year = 2024,
  url = {https://es.wikibooks.org/wiki/Programaci%C3%B3n_en_JavaScript},
  note = {}
}
@book{dirksen2013learning,
  author    = {Jos Dirksen},
  title     = {Learning Three.js: The JavaScript 3D Library for WebGL},
  year      = {2013},
  publisher = {Packt Publishing},
  address   = {UK},
  isbn      = {9781782166283}
}
@article{franganillo2010html5,
  author  = {Jorge Franganillo},
  title   = {HTML 5: el nuevo estándar básico del web},
  year    = {2010},
  journal = {Blog de Jorge Franganillo},
  note    = {},
  url     = {https://es.wikipedia.org/wiki/HTML5}
}
@misc{PythonWikibooks,
  author = {{Wikilibros}},
  title = {Python},
  year = 2024,
  url = {https://es.wikibooks.org/wiki/Python},
  note = {}
}

@book{knowltonPython,
  author    = {Jim Knowlton},
  title     = {Python},
  year      = {2009},
  translator = {María Jesús Fernández Vélez},
  publisher = {ANAYA MULTIMEDIA-ANAYA INTERACTIVA}
}

@misc{PythonTutorial,
  author = {{Python Software Foundation}},
  title = {Tutorial de Python (versión 3)},
  year = 2024,
  url = {https://docs.python.org/es/3/tutorial/},
  note = {}
}
@book{sanguino1997iniciacion,
  author    = {Javier Sanguino Botella},
  title     = {Iniciación a LaTeX2e. Un sistema para preparar documentos},
  year      = {1997},
  publisher = {Addison-Wesley},
  address   = {Madrid},
  isbn      = {84-7829-013-3}
}